@BOOK{Smith:2012qr,
	title = {{B}ook {T}itle},
	publisher = {Publisher},
	author = {Smith, J.~M. and Jones, A.~B.},
	year = {2012},
	edition = {7th},
}

@ARTICLE{Smith:2013jd,
	author = {Jones, A.~B. and Smith, J.~M.},
	title = {{A}rticle {T}itle},
	journal = {Journal title},
	year = {2013},
	volume = {13},
	pages = {123-456},
	number = {52},
	month = {March},
	publisher = {Publisher}
}

@BOOK{Other:2014ab,
	title = {{B}ook {T}itle},
	publisher = {Publisher},
	author = {Other, A.~N.},
	year = {2014},
	edition = {10th},
}

@misc{AEMO_NEM,
  title = {National Electrcity Market},
  howpublished = {\url{https://www.aemo.com.au/Electricity/National-Electricity-Market-NEM}},
  note = {Accessed: 2019-02-24},
  year = {2019},
  author = {AEMO}
}

@misc{Predispatch,
    author = "AEMO",
    title = "Pre-dispatch: System Operating Procedure",
    year = "2016 (Accessed 10/10/2018)",
    note = {\url{https://www.aemo.com.au/-/media/Files/Electricity/NEM/Security_and_Reliability/Power_System_Ops/Procedures/SO_OP_3704---Predispatch.pdf}}
}

@unpublished{AEMCMarch2017,
title= "Non-scheduled generation and load in central dispatch",
author = "AEMC",
year = "2017",
URL= {\url{"https://www.aemc.gov.au/sites/default/files/content/eb0736aa-6082-4fe6-b179-23606e8a76e6/24-March-2017-industry-workshop-presentation.pdf}},
}